<?xml version="1.0" encoding="UTF-8"?><collection xmlns="http://www.loc.gov/MARC21/slim"><record><leader>00568nam--2200193-u-4500</leader><controlfield tag="001">000055360</controlfield><controlfield tag="002">20161230</controlfield><controlfield tag="005">20161230201052</controlfield><controlfield tag="008">130122s1000------------r-----000-0-rum-d</controlfield><datafield ind1=" " ind2=" " tag="040"><subfield code="a">IFIN-HH</subfield></datafield><datafield ind1=" " ind2=" " tag="041"><subfield code="a">rum</subfield></datafield><datafield ind1=" " ind2=" " tag="080"><subfield code="a">621.375.9</subfield></datafield><datafield ind1="1" ind2=" " tag="100"><subfield code="a">Andrei, Ionut-relu</subfield></datafield><datafield ind1="1" ind2="0" tag="245"><subfield code="a">Studiul comportarii haotice a radiatiei emise de sistemele laser</subfield><subfield code="b">Teza</subfield><subfield code="c">Ionut-relu andrei</subfield></datafield><datafield ind1=" " ind2=" " tag="260"><subfield code="a">Bucuresti</subfield><subfield code="b">Universitatea</subfield><subfield code="c">2012</subfield></datafield><datafield ind1=" " ind2=" " tag="300"><subfield code="a">125P</subfield></datafield><datafield ind1=" " ind2=" " tag="502"><subfield code="a">Conducator Stiintific: Prof. Dr. Mihail-lucian Pascu</subfield></datafield><datafield ind1=" " ind2=" " tag="852"><subfield code="a">82336</subfield><subfield code="c">621.375.9</subfield></datafield><datafield ind1=" " ind2=" " tag="CAT"><subfield code="a">Sys</subfield><subfield code="c">20130122</subfield><subfield code="h">135333</subfield></datafield></record></collection>